<?xml version="1.0" encoding="utf-8"?>
<record xmlns="http://www.loc.gov/MARC21/slim" xmlns:xsi="http://www.w3.org/2001/XMLSchema-instance" xsi:schemaLocation="http://www.loc.gov/MARC21/slim http://www.loc.gov/standards/marcxml/schema/MARC21slim.xsd">
	<leader>     nam a22     Mi 4500</leader>
	<controlfield tag="001">478810</controlfield>
	<controlfield tag="003">NjP</controlfield>
	<controlfield tag="006">m        d        </controlfield>
	<controlfield tag="007">cr cn |||m|||a</controlfield>
	<controlfield tag="008">180802s1985    ir      ob    000 0 ara d</controlfield>
	<datafield ind1="7" ind2=" " tag="024">
		<subfield code="a">princeton_aco001067</subfield>
		<subfield code="2">local</subfield>
	</datafield>
	<datafield ind1=" " ind2=" " tag="040">
		<subfield code="a">ZYU</subfield>
		<subfield code="b">eng</subfield>
		<subfield code="c">ZYU</subfield>
	</datafield>
	<datafield ind1=" " ind2="4" tag="050">
		<subfield code="a">BP166</subfield>
		<subfield code="b">.B34 1985</subfield>
	</datafield>
	<datafield ind1="1" ind2=" " tag="100">
		<subfield code="6">880-01</subfield>
		<subfield code="a">Baḥrānī, Ḥusayn,</subfield>
		<subfield code="d">-1802.</subfield>
	</datafield>
	<datafield ind1="1" ind2="3" tag="245">
		<subfield code="6">880-02</subfield>
		<subfield code="a">al-Anwār al-waḍiyah fī al-ʻaqāʼid al-raḍawīyah</subfield>
		<subfield code="h">[electronic resource] /</subfield>
		<subfield code="c">taṣnīf Ḥusayn ibn Muḥammad al-ʻUṣfūr al-Baḥrānī al-Darrāzī ; ḥaqqaqahu wa-ʻallaqa ʻalayhi Abū Aḥmad ibn Aḥmad ibn Khalaf ibn Aḥmad al-ʻUṣfūr al-Baḥrānī.</subfield>
	</datafield>
	<datafield ind1=" " ind2=" " tag="250">
		<subfield code="6">880-03</subfield>
		<subfield code="a">al-Ṭabʻah 1.</subfield>
	</datafield>
	<datafield ind1=" " ind2=" " tag="260">
		<subfield code="6">880-04</subfield>
		<subfield code="a">[Iran] :</subfield>
		<subfield code="b">[publisher not identified],</subfield>
		<subfield code="c">1406 [1985 or 1986]</subfield>
		<subfield code="e">([Qum] :</subfield>
		<subfield code="f">al-Maṭbaʻah al-ʻIlmīyah al-Maʻmūrah)</subfield>
	</datafield>
	<datafield ind1=" " ind2=" " tag="300">
		<subfield code="a">online resource (22, 223 p.)</subfield>
	</datafield>
	<datafield ind1=" " ind2=" " tag="500">
		<subfield code="a">Part of the Arabic Collections Online (ACO) project, contributed by Princeton University Libraries.</subfield>
	</datafield>
	<datafield ind1=" " ind2=" " tag="504">
		<subfield code="a">Includes bibliographical references.</subfield>
	</datafield>
	<datafield ind1=" " ind2=" " tag="533">
		<subfield code="a">Electronic reproduction.</subfield>
		<subfield code="b">New York, N.Y. :</subfield>
		<subfield code="c">New York University,</subfield>
		<subfield code="d">2018.</subfield>
		<subfield code="5">NNU</subfield>
	</datafield>
	<datafield ind1=" " ind2="0" tag="650">
		<subfield code="a">Islam</subfield>
		<subfield code="x">Doctrines.</subfield>
	</datafield>
	<datafield ind1="1" ind2=" " tag="700">
		<subfield code="6">880-05</subfield>
		<subfield code="a">Āl ʻUṣfūr, Bāqir ibn Aḥmad ibn Khalaf,</subfield>
		<subfield code="d">1885 or 1886-</subfield>
	</datafield>
	<datafield ind1="2" ind2=" " tag="710">
		<subfield code="a">Princeton University.</subfield>
		<subfield code="b">Library.</subfield>
	</datafield>
	<datafield ind1="0" ind2=" " tag="730">
		<subfield code="a">Arabic Collections Online.</subfield>
	</datafield>
	<datafield ind1="0" ind2="8" tag="776">
		<subfield code="i">Print version:</subfield>
		<subfield code="a">Baḥrānī, Ḥusayn, -1802.</subfield>
		<subfield code="t">al-Anwār al-waḍiyah fī al-ʻaqāʼid al-raḍawīyah</subfield>
		<subfield code="w">(NjP)478810</subfield>
	</datafield>
	<datafield ind1="4" ind2="0" tag="856">
		<subfield code="u">http://hdl.handle.net/2333.1/cvdncrd9</subfield>
	</datafield>
	<datafield ind1="1" ind2=" " tag="880">
		<subfield code="6">100-01</subfield>
		<subfield code="a">بحراني، حسين،‎‎</subfield>
		<subfield code="d">-1802.</subfield>
	</datafield>
	<datafield ind1="1" ind2="2" tag="880">
		<subfield code="6">245-02</subfield>
		<subfield code="a">الأنوار الوضية في العقائد الرضوية /‎‎</subfield>
		<subfield code="c">تصنيف حسين بن محمد العصفور البحراني الدرازي ؛ حققه وعلق عليه ابو احمد بن احمد بن خلف بن احمد العصفور البحراني.‎‎</subfield>
	</datafield>
	<datafield ind1=" " ind2=" " tag="880">
		<subfield code="6">250-03</subfield>
		<subfield code="a">الطبعة 1.‎‎</subfield>
	</datafield>
	<datafield ind1=" " ind2=" " tag="880">
		<subfield code="6">260-04</subfield>
		<subfield code="a">[Iran] :</subfield>
		<subfield code="b">[publisher not identified],</subfield>
		<subfield code="c">1406 [1985 or 1986]</subfield>
		<subfield code="e">([قم] :‎‎</subfield>
		<subfield code="f">المطبعة العلمية المعموره)‎‎</subfield>
	</datafield>
	<datafield ind1="1" ind2=" " tag="880">
		<subfield code="6">700-05</subfield>
		<subfield code="a">آل عصفور، باقر بن احمد بن خلف،‎‎</subfield>
		<subfield code="d">1885 or 1886-</subfield>
	</datafield>
	<datafield ind1=" " ind2=" " tag="911">
		<subfield code="a">19921028</subfield>
	</datafield>
	<datafield ind1=" " ind2=" " tag="912">
		<subfield code="a">19920720000000.0</subfield>
	</datafield>
	<datafield ind1=" " ind2=" " tag="959">
		<subfield code="a">NNU</subfield>
		<subfield code="b">WEB</subfield>
		<subfield code="c">GENI</subfield>
		<subfield code="t">0</subfield>
		<subfield code="m">Electronic access</subfield>
		<subfield code="s">01</subfield>
	</datafield>
	<datafield ind1=" " ind2=" " tag="999">
		<subfield code="i">NjP_478810</subfield>
		<subfield code="s">princeton_aco001067</subfield>
		<subfield code="e">(ERROR-880)(ERROR-MISC)</subfield>
		<subfield code="s">princeton_aco001067</subfield>
	</datafield>
</record>
